% This file was created with JabRef 2.5.
% Encoding: Cp1252

@ARTICLE{Aykac2003,
  author = {Aykac, D. and Hoffman, E.A. and McLennan, G. and Reinhardt, J.M.},
  title = {{Segmentation and analysis of the human airway tree from three-dimensional
	X-ray CT images}},
  journal = {IEEE transactions on medical imaging},
  year = {2003},
  volume = {22},
  pages = {940--950},
  number = {8},
  doi = {10.1109/TMI.2003.815905}
}

@ARTICLE{Ballard1982,
  author = {Ballard, D.H. and Brown, C.M.},
  title = {{Computer Vision Prentice-Hall}},
  journal = {Englewood Cliffs, NJ, USA},
  year = {1982}
}

@MISC{Bathe1995,
  author = {Bathe, KJ},
  title = {{Finite element procedures. 1995}},
  year = {1995},
  publisher = {Prentice-Hall, Englewood Cliffs, NJ}
}

@ARTICLE{Bayat2006,
  author = {Bayat, S. and Porra, L. and Suhonen, H. and Nemoz, C. and Suortti,
	P. and Sovijarvi, A.R.A.},
  title = {{Differences in the time course of proximal and distal airway response
	to inhaled histamine studied by synchrotron radiation CT}},
  journal = {Journal of Applied Physiology},
  year = {2006},
  volume = {100},
  pages = {1964},
  number = {6},
  doi = {10.1152/japplphysiol.00594.2005},
  publisher = {Am Physiological Soc}
}

@ARTICLE{VanBeek2008,
  author = {van Beek, E.J.R. and Hoffman, E.A.},
  title = {{Functional imaging: CT and MRI}},
  journal = {Clinics in chest medicine},
  year = {2008},
  volume = {29},
  pages = {195--216},
  number = {1},
  publisher = {Elsevier}
}

@ARTICLE{Berend1991,
  author = {Berend, N. and Rynell, AC and Ward, HE},
  title = {{Structure of a human pulmonary acinus.}},
  journal = {British Medical Journal},
  year = {1991},
  volume = {46},
  pages = {117},
  number = {2},
  publisher = {Br Thoracic Soc},
  url = {http://dx.doi.org/10.1136/thx.46.2.117}
}

@ARTICLE{Bonse1996,
  author = {Bonse, U. and Busch, F.},
  title = {{X-ray computed microtomography ($\mu$CT) using synchrotron radiation
	(SR)}},
  journal = {Progress in biophysics and molecular biology},
  year = {1996},
  volume = {65},
  pages = {133--169},
  number = {1-2},
  publisher = {Elsevier}
}

@ARTICLE{Boyden1971,
  author = {Boyden, E.A.},
  title = {{The structure of the pulmonary acinus in a child of six years and
	eight months}},
  journal = {American Journal of Anatomy},
  year = {1971},
  volume = {132},
  pages = {275--299},
  number = {3}
}

@ARTICLE{Brown1991,
  author = {Brown, RH and Herold, CJ and Hirshman, CA and Zerhouni, EA and Mitzner,
	W.},
  title = {{In vivo measurements of airway reactivity using high-resolution
	computed tomography.}},
  journal = {The American review of respiratory disease},
  year = {1991},
  volume = {144},
  pages = {208},
  number = {1}
}

@ARTICLE{Chaturvedi2005,
  author = {Chaturvedi, A. and Lee, Z.},
  title = {{Three-dimensional segmentation and skeletonization to build an airway
	tree data structure for small animals}},
  journal = {Physics in Medicine and Biology},
  year = {2005},
  volume = {50},
  pages = {1405--1419},
  number = {7},
  publisher = {Citeseer}
}

@CONFERENCE{Cheng2007,
  author = {Cheng, I. and Nilufar, S. and Flores-Mir, C. and Basu, A.},
  title = {{Airway segmentation and measurement in CT images}},
  booktitle = {Engineering in Medicine and Biology Society, 2007. EMBS 2007. 29th
	Annual International Conference of the IEEE},
  year = {2007},
  pages = {795--799}
}

@ARTICLE{Chooi2004,
  author = {Chooi, WK and Morcos, SK},
  title = {{High resolution volume imaging of airways and lung parenchyma with
	multislice CT}},
  journal = {British Journal of Radiology},
  year = {2004},
  volume = {77},
  pages = {S98},
  number = {Special Issue 1},
  doi = {10.1259/bjr/27596725},
  publisher = {Br Inst Radiology}
}

@ARTICLE{Cookson1993,
  author = {Cookson, MJ and Davies, CJ and Entwistle, A. and Whimster, WF},
  title = {{The microanatomy of the alveolar duct of the human lung imaged by
	confocal microscpy and visualised with computer-based 3 D reconstruction}},
  journal = {Computerized medical imaging and graphics},
  year = {1993},
  volume = {17},
  pages = {201--210},
  number = {3},
  publisher = {Elsevier Science}
}

@ARTICLE{Dame2006,
  author = {Dame Carroll, JR and Chandra, A. and Jones, AS and Berend, N. and
	Magnussen, JS and King, GG},
  title = {{Airway dimensions measured from micro-computed tomography and high-resolution
	computed tomography}},
  journal = {European Respiratory Journal},
  year = {2006},
  volume = {28},
  pages = {712},
  number = {4},
  publisher = {Eur Respiratory Soc}
}

@ARTICLE{Driehuys2007,
  author = {Driehuys, B. and Walker, J. and Pollaro, J. and Cofer, G.P. and Mistry,
	N. and Schwartz, D. and Johnson, G.A.},
  title = {{3He MRI in mouse models of asthma}},
  journal = {Magnetic resonance in medicine: official journal of the Society of
	Magnetic Resonance in Medicine/Society of Magnetic Resonance in Medicine},
  year = {2007},
  volume = {58},
  pages = {893},
  number = {5},
  publisher = {NIH Public Access}
}

@BOOK{Davies1990,
  title = {{Machine vision: theory, algorithms, practicalities}},
  publisher = {Academics Press},
  year = {1990},
  author = {ER, Davies}
}

@ARTICLE{VanErtbruggen2005,
  author = {van Ertbruggen, C. and Hirsch, C. and Paiva, M.},
  title = {{Anatomically based three-dimensional model of airways to simulate
	flow and particle transport using computational fluid dynamics}},
  journal = {Journal of Applied Physiology},
  year = {2005},
  volume = {98},
  pages = {970},
  number = {3},
  doi = {10.1152/japplphysiol.00795.2004},
  publisher = {Am Physiological Soc}
}

@ARTICLE{Freitag2000,
  author = {Freitag, L.A. and Plassmann, P.},
  title = {{Local optimization-based simplicial mesh untangling and improvement}},
  journal = {International Journal for Numerical Methods in Engineering},
  year = {2000},
  volume = {49},
  pages = {109--125},
  number = {1},
  publisher = {Citeseer}
}

@ARTICLE{Gehr1978,
  author = {Gehr, P. and Bachofen, M. and Weibel, ER},
  title = {{The normal human lung-Ultrastructure and morphometric estimation
	of diffusion capacity}},
  journal = {Respiration physiology},
  year = {1978},
  volume = {32},
  pages = {121--140}
}

@ARTICLE{Gonzalez1992,
  author = {Gonzalez, R.C. and Richard, E.},
  title = {{Woods, Digital image processing}},
  journal = {Addison Wisley},
  year = {1992}
}

@ARTICLE{Haefeli1988,
  author = {Haefeli-Bleuer, B. and Weibel, E.R.},
  title = {{Morphometry of the human pulmonary acinus}},
  journal = {The Anatomical Record},
  year = {1988},
  volume = {220},
  pages = {401--414},
  number = {4}
}

@ARTICLE{Hanna2005,
  author = {Hanna, N. and Saltzman, D. and Mukai, D. and Chen, Z. and Sasse,
	S. and Milliken, J. and Guo, S. and Jung, W. and Colt, H. and Brenner,
	M.},
  title = {{Two-dimensional and 3-dimensional optical coherence tomographic
	imaging of the airway, lung, and pleura}},
  journal = {The Journal of Thoracic and Cardiovascular Surgery},
  year = {2005},
  volume = {129},
  pages = {615--622},
  number = {3},
  doi = {10.1016/j.jtcvs.2004.10.022},
  publisher = {Elsevier}
}

@ARTICLE{Hansen1975,
  author = {Hansen, JE and Ampaya, EP},
  title = {{Human air space shapes, sizes, areas, and volumes}},
  journal = {Journal of Applied Physiology},
  year = {1975},
  volume = {38},
  pages = {990},
  number = {6},
  publisher = {Am Physiological Soc}
}

@ARTICLE{Hansen1975a,
  author = {Hansen, JE and Ampaya, EP and Bryant, GH and Navin, JJ},
  title = {{Branching pattern of airways and air spaces of a single human terminal
	bronchiole}},
  journal = {Journal of Applied Physiology},
  year = {1975},
  volume = {38},
  pages = {983},
  number = {6},
  publisher = {Am Physiological Soc}
}

@ARTICLE{Higgins1998,
  author = {Higgins, WE and Ramaswamy, K. and Swift, RD and McLennan, G. and
	Hoffman, EA},
  title = {{Virtual bronchoscopy for three--dimensional pulmonary image assessment:
	state of the art and future needs.}},
  journal = {Radiographics},
  year = {1998},
  volume = {18},
  pages = {761},
  number = {3},
  publisher = {Radiological Society of North America}
}

@ARTICLE{Hoffman1990,
  author = {Hoffman, EA and Gefter, WB},
  title = {{Multimodality imaging of the upper airway: MRI, MR spectroscopy,
	and ultrafast X-ray CT.}},
  journal = {Progress in clinical and biological research},
  year = {1990},
  volume = {345},
  pages = {291}
}

@ARTICLE{Honda2002,
  author = {Honda, T. and Ota, H. and Arai, K. and Hayama, M. and Fujimoto, K.
	and Yamazaki, Y. and Haniuda, M.},
  title = {{Three-dimensional analysis of alveolar structure in usual interstitial
	pneumonia}},
  journal = {Virchows Archiv},
  year = {2002},
  volume = {441},
  pages = {47--52},
  number = {1},
  publisher = {Springer},
  url = {http://dx.doi.org/10.1007/s00428-001-0567-8}
}

@ARTICLE{Hyde2007,
  author = {Hyde, D.M. and Tyler, N.K. and Plopper, C.G.},
  title = {{Morphometry of the respiratory tract: avoiding the sampling, size,
	orientation, and reference traps}},
  journal = {Toxicologic Pathology},
  year = {2007},
  volume = {35},
  pages = {41},
  number = {1},
  doi = {10.1080/01926230601059977}
}

@ARTICLE{Iida2003,
  author = {IIDA, A.},
  title = {{X-ray analysis by synchrotron radiation-X-ray fluorescence analysis
	and XAFS}},
  journal = {Biomed Res},
  year = {2003},
  volume = {14},
  pages = {188--195},
  number = {3}
}

@ARTICLE{Ikura2004,
  author = {Ikura, H. and Shimizu, K. and Ikezoe, J. and Nagareda, T. and Yagi,
	N.},
  title = {{In vitro evaluation of normal and abnormal lungs with ultra-high-resolution
	CT}},
  journal = {Journal of Thoracic Imaging},
  year = {2004},
  volume = {19},
  pages = {8},
  number = {1}
}

@ARTICLE{Jheon2006,
  author = {Jheon, S. and Youn, H.S. and Kim, H.T. and Choi, G.H. and Kim, J.K.},
  title = {{High-resolution X-ray refraction imaging of rat lung and histological
	correlations}},
  journal = {Microscopy research and technique},
  year = {2006},
  volume = {69},
  pages = {656--659},
  number = {8},
  doi = {10.1002/jemt.20335},
  publisher = {New York, NY: Wiley-Liss, c1992-}
}

@ARTICLE{Jorgensen1998,
  author = {Jorgensen, S.M. and Demirkaya, O. and Ritman, E.L.},
  title = {{Three-dimensional imaging of vasculature and parenchyma in intact
	rodent organs with X-ray micro-CT}},
  journal = {American Journal of Physiology- Heart and Circulatory Physiology},
  year = {1998},
  volume = {275},
  pages = {H1103},
  number = {3},
  publisher = {Am Physiological Soc}
}

@ARTICLE{Kvistedal2005,
  author = {Kvistedal, Y. and Tawhai, M. and Hunter, P. and Nielsen, P.},
  title = {{High resolution 3D imaging of lung tissue using structured light
	microscopy}},
  year = {2005},
  publisher = {IEEE}
}

@ARTICLE{Ley2008,
  author = {Ley-Zaporozhan, J. and Ley, S. and Kauczor, H.U.},
  title = {{Morphological and functional imaging in COPD with CT and MRI: present
	and future}},
  journal = {European Radiology},
  year = {2008},
  volume = {18},
  pages = {510--521},
  number = {3},
  doi = {10.1007/s00330-007-0772-1},
  publisher = {Springer}
}

@ARTICLE{Mandelbrot1967,
  author = {Mandelbrot, B.},
  title = {{How long is the coast of Britain? Statistical self-similarity and
	fractional dimension}},
  journal = {Science},
  year = {1967},
  volume = {156},
  pages = {636},
  number = {3775},
  publisher = {AAAS}
}

@ARTICLE{Mcnamara1992,
  author = {McNamara, AE and Muller, NL and Okazawa, M. and Arntorp, J. and Wiggs,
	BR and Pare, PD},
  title = {{Airway narrowing in excised canine lungs measured by high-resolution
	computed tomography}},
  journal = {Journal of Applied Physiology},
  year = {1992},
  volume = {73},
  pages = {307},
  number = {1},
  publisher = {Am Physiological Soc}
}

@ARTICLE{Mercer1987,
  author = {Mercer, RR and Crapo, JD},
  title = {{Three-dimensional reconstruction of the rat acinus}},
  journal = {Journal of Applied Physiology},
  year = {1987},
  volume = {63},
  pages = {785},
  number = {2},
  publisher = {Am Physiological Soc}
}

@ARTICLE{Mercer1987a,
  author = {Mercer, RR and Laco, JM and Crapo, JD},
  title = {{Three-dimensional reconstruction of alveoli in the rat lung for
	pressure-volume relationships}},
  journal = {Journal of Applied Physiology},
  year = {1987},
  volume = {62},
  pages = {1480},
  number = {4},
  publisher = {Am Physiological Soc}
}

@ARTICLE{Monfraix2005,
  author = {Monfraix, S. and Bayat, S. and Porra, L. and Berruyer, G. and Nemoz,
	C. and Thomlinson, W. and Suortti, P. and Sovij\"{a}rvi, A.R.A.},
  title = {{Quantitative measurement of regional lung gas volume by synchrotron
	radiation computed tomography}},
  journal = {Physics in medicine \& biology(Print)},
  year = {2005},
  volume = {50},
  pages = {1--11},
  number = {1},
  publisher = {Institute of Physics}
}

@ARTICLE{Park1998,
  author = {Park, W. and Hoffman, E.A. and Sonka, M.},
  title = {{Segmentation of intrathoracic airway trees: a fuzzy logic approach}},
  journal = {IEEE Transactions on Medical Imaging},
  year = {1998},
  volume = {17},
  pages = {489--497},
  number = {4}
}

@ARTICLE{Parker1971,
  author = {Parker, H. and Horsfield, K. and Cumming, G.},
  title = {{Morphology of distal airways in the human lung}},
  journal = {J Appl Physiol},
  year = {1971},
  volume = {31},
  pages = {386--391},
  number = {3},
  publisher = {Am Physiological Soc}
}

@ARTICLE{Pena2007,
  author = {Pena, A.M. and Fabre, A. and Debarre, D. and Marchal-Somme, J. and
	Crestani, B. and Martin, J.L. and Beaurepaire, E. and Schanne-Klein,
	M.C.},
  title = {{Three-dimensional investigation and scoring of extracellular matrix
	remodeling during lung fibrosis using multiphoton microscopy}},
  journal = {Microscopy Research and Technique},
  year = {2007},
  volume = {70},
  pages = {162},
  number = {2},
  publisher = {John Wiley \& Sons, Ltd}
}

@ARTICLE{Randell1989,
  author = {Randell, SH and Mercer, RR and Young, SL},
  title = {{Postnatal growth of pulmonary acini and alveoli in normal and oxygen-exposed
	rats studied by serial section reconstructions}},
  journal = {American Journal of Anatomy},
  year = {1989},
  volume = {186},
  pages = {55--68},
  number = {1}
}

@ARTICLE{Reinhardt1997,
  author = {Reinhardt, JM and D'Souza, N. and Hoffman, EA},
  title = {{Accurate measurement of intrathoracic airways}},
  journal = {IEEE transactions on medical imaging},
  year = {1997},
  volume = {16},
  pages = {820--827},
  number = {6}
}

@ARTICLE{Roth2005,
  author = {Roth-Kleiner, M. and Berger, T.M. and Tarek, M.R. and Burri, P.H.
	and Schittny, J.C.},
  title = {{Neonatal dexamethasone induces premature microvascular maturation
	of the alveolar capillary network}},
  journal = {Developmental Dynamics},
  year = {2005},
  volume = {233},
  pages = {1261--1271},
  number = {4},
  doi = {10.1002/dvdy.20447},
  publisher = {New York, NY: Wiley-Liss, Inc., 1992-}
}

@ARTICLE{Sauret2002,
  author = {Sauret, V. and Halson, PM and Brown, IW and Fleming, JS and Bailey,
	AG},
  title = {{Study of the three-dimensional geometry of the central conducting
	airways in man using computed tomographic (CT) images}},
  journal = {Journal of Anatomy},
  year = {2002},
  volume = {200},
  pages = {123},
  number = {2},
  publisher = {Blackwell Publishing}
}

@ARTICLE{Scadeng2007,
  author = {Scadeng, M. and Rossiter, H.B. and Dubowitz, D.J. and Breen, E.C.},
  title = {{High-resolution three-dimensional magnetic resonance imaging of
	mouse lung in situ}},
  journal = {Investigative radiology},
  year = {2007},
  volume = {42},
  pages = {50},
  number = {1}
}

@ARTICLE{Scherle1970,
  author = {Scherle, W.},
  title = {{A simple method for volumetry of organs in quantitative stereology.}},
  journal = {Mikroskopie},
  year = {1970},
  volume = {26},
  pages = {57},
  number = {1}
}

@ARTICLE{Schittny1998,
  author = {Schittny, J.C. and Djonov, V. and Fine, A. and Burri, P.H.},
  title = {{Programmed cell death contributes to postnatal lung development}},
  journal = {American journal of respiratory cell and molecular biology},
  year = {1998},
  volume = {18},
  pages = {786--793},
  number = {6},
  publisher = {[New York, NY]: The Association,[c1989-}
}

@ARTICLE{Schittny2008,
  author = {Schittny, J.C. and Mund, S.I. and Stampanoni, M.},
  title = {{Evidence and structural mechanism for late lung alveolarization}},
  journal = {American Journal of Physiology- Lung Cellular and Molecular Physiology},
  year = {2008},
  volume = {294},
  pages = {L246},
  number = {2},
  doi = {10.1152/ajplung.00296.2007},
  publisher = {Am Physiological Soc}
}

@ARTICLE{Schittny1997,
  author = {Schittny, J.C. and Paulsson, M. and Vallan, C. and Burri, P.H. and
	Kedei, N. and Aeschlimann, D.},
  title = {{Protein cross-linking mediated by tissue transglutaminase correlates
	with the maturation of extracellular matrices during lung development}},
  journal = {American journal of respiratory cell and molecular biology},
  year = {1997},
  volume = {17},
  pages = {334--343},
  number = {3},
  publisher = {[New York, NY]: The Association,[c1989-}
}

@ARTICLE{Schneiders1996,
  author = {Schneiders, R.},
  title = {{A grid-based algorithm for the generation of hexahedral element
	meshes}},
  journal = {Engineering with Computers},
  year = {1996},
  volume = {12},
  pages = {168--177},
  number = {3},
  publisher = {Springer}
}

@ARTICLE{Schreider1981,
  author = {Schreider, J.P. and Raabe, O.G.},
  title = {{Structure of the human respiratory acinus}},
  journal = {American Journal of Anatomy},
  year = {1981},
  volume = {162},
  pages = {221--232},
  number = {3}
}

@ARTICLE{Sera2003,
  author = {Sera, T. and Fujioka, H. and Yokota, H. and Makinouchi, A. and Himeno,
	R. and Schroter, R.C. and Tanishita, K.},
  title = {{Three-dimensional visualization and morphometry of small airways
	from microfocal X-ray computed tomography}},
  journal = {Journal of biomechanics},
  year = {2003},
  volume = {36},
  pages = {1587--1594},
  number = {11},
  doi = {10.1016/S0021-9290(03)00179-9},
  publisher = {Elsevier}
}

@ARTICLE{Sera2007,
  author = {Sera, T. and Uesugi, K. and Himeno, R. and Yagi, N.},
  title = {{Small airway changes in healthy and ovalbumin-treated mice during
	quasi-static lung inflation}},
  journal = {Respiratory Physiology \& Neurobiology},
  year = {2007},
  volume = {156},
  pages = {304--311},
  number = {3},
  doi = {10.1016/j.resp.2006.11.006},
  publisher = {Elsevier}
}

@ARTICLE{Sera2005,
  author = {Sera, T. and Uesugi, K. and Yagi, N.},
  title = {{Morphometric deformations of small airways and alveoli under quasi-static
	inflation process}},
  journal = {Journal of PHYSIOLOGICAL ANTHROPOLOGY and Applied Human Science},
  year = {2005},
  volume = {24},
  pages = {465--468},
  number = {4},
  doi = {10.2114/jpa.24.465},
  publisher = {J-STAGE}
}

@ARTICLE{Stampanoni2002,
  author = {Stampanoni, M. and Borchert, G. and Wyss, P. and Abela, R. and Patterson,
	B. and Hunt, S. and Vermeulen, D. and R\"{u}egsegger, P.},
  title = {{High resolution X-ray detector for synchrotron-based microtomography}},
  journal = {Nuclear Inst. and Methods in Physics Research, A},
  year = {2002},
  volume = {491},
  pages = {291--301},
  number = {1-2},
  publisher = {Elsevier}
}

@CONFERENCE{Stampanoni2007,
  author = {Stampanoni, M. and Groso, A. and Isenegger, A. and Mikuljan, G. and
	Chen, Q. and Bertrand, A. and Henein, S. and Betemps, R. and Frommherz,
	U. and B\"{o}hler, P. and others},
  title = {{Trends in synchrotron-based tomographic imaging: the SLS experience}},
  booktitle = {Proc. of SPIE Vol},
  year = {2007},
  volume = {6318},
  pages = {63180M--1},
  doi = {10.1117/12.679497}
}

@ARTICLE{Stelter1966,
  author = {Stelter, GP and Hansen, JE and Fairchild, DG},
  title = {{A three-dimensional reconstruction of lung parenchyma.}},
  journal = {The American review of respiratory disease},
  year = {1966},
  volume = {94},
  pages = {79},
  number = {1}
}

@ARTICLE{Sundaramoorthy1995,
  author = {Sundaramoorthy, G. and Hoford, JD and Hoffman, EA and Higgins, WE},
  title = {{Impromptu: a system for automatic 3 D medical image-analysis}},
  journal = {Computerized medical imaging and graphics},
  year = {1995},
  volume = {19},
  pages = {131--143},
  number = {1},
  publisher = {Elsevier Science}
}

@ARTICLE{Tawhai2004,
  author = {Tawhai, M.H. and Hunter, P. and Tschirren, J. and Reinhardt, J. and
	McLennan, G. and Hoffman, E.A.},
  title = {{CT-based geometry analysis and finite element models of the human
	and ovine bronchial tree}},
  journal = {Journal of Applied Physiology},
  year = {2004},
  volume = {97},
  pages = {2310},
  number = {6},
  doi = {10.1152/japplphysiol.00520.2004},
  publisher = {Am Physiological Soc}
}

@ARTICLE{Tschanz2003,
  author = {Tschanz, S.A. and Makanya, A.N. and others},
  title = {{Effects of neonatal high-dose short-term glucocorticoid treatment
	on the lung: a morphologic and morphometric study in the rat}},
  journal = {Pediatric research},
  year = {2003},
  volume = {53},
  pages = {72},
  number = {1},
  doi = {10.1203/01.PDR.0000041513.93422.C8}
}

@ARTICLE{Watz2005,
  author = {Watz, H. and Breithecker, A. and Rau, W.S. and Kriete, A.},
  title = {{Micro-CT of the Human Lung: Imaging of Alveoli and Virtual Endoscopy
	of an Alveolar Duct in a Normal Lung and in a Lung with Centrilobular
	Emphysema—Initial Observations1}},
  journal = {Radiology},
  year = {2005},
  volume = {236},
  pages = {1053},
  number = {3},
  doi = {10.1148/radiol.2363041142},
  publisher = {Radiological Society of North America}
}

@BOOK{Weibel1963,
  title = {Morphometry of the human lung},
  publisher = {Springer-Verlag, Berlin, G\"{o}ttingen, etc.},
  year = {1963},
  author = {Weibel, Ewald R},
  pages = {151},
  owner = {habi},
  timestamp = {2008.03.11}
}

@ARTICLE{Whimster1970,
  author = {Whimster, WF},
  title = {{The microanatomy of the alveolar duct system}},
  journal = {British Medical Journal},
  year = {1970},
  volume = {25},
  pages = {141},
  number = {2},
  doi = {10.1136/thx.25.2.141},
  publisher = {Br Thoracic Soc}
}

@ARTICLE{Wood1995,
  author = {Wood, SA and Hoford, JD and Hoffman, EA and Zerhouni, E. and Mitzner,
	W.},
  title = {{A method for measurement of cross sectional area, segment length,
	and branching angle of airway tree structures in situ}},
  journal = {Computerized medical imaging and graphics},
  year = {1995},
  volume = {19},
  pages = {145--152},
  number = {1},
  publisher = {Elsevier Science}
}

@ARTICLE{Wood1995a,
  author = {Wood, SA and Zerhouni, EA and Hoford, JD and Hoffman, EA and Mitzner,
	W.},
  title = {{Measurement of three-dimensional lung tree structures by using computed
	tomography}},
  journal = {Journal of Applied Physiology},
  year = {1995},
  volume = {79},
  pages = {1687},
  number = {5},
  publisher = {Am Physiological Soc}
}

